<record><leader>00000cas a22000007a 4500</leader><controlfield tag="001">9592407</controlfield><controlfield tag="008">830609d18461846nyudn ne      0    0eng d</controlfield><datafield ind1=" " ind2=" " tag="010"><subfield code="a">sn 83030632 </subfield></datafield><datafield ind1=" " ind2=" " tag="040"><subfield code="a">NPU</subfield><subfield code="b">eng</subfield><subfield code="c">NPU</subfield><subfield code="d">OCLCQ</subfield></datafield><datafield ind1=" " ind2=" " tag="042"><subfield code="a">msc</subfield></datafield><datafield ind1="0" ind2=" " tag="130"><subfield code="a">Daily telegraph (New York, N.Y. : 1846)</subfield></datafield><datafield ind1="1" ind2="4" tag="245"><subfield code="a">The Daily telegraph.</subfield></datafield><datafield ind1=" " ind2=" " tag="260"><subfield code="a">New York :</subfield><subfield code="b">J.C. Hill &amp; Co.,</subfield><subfield code="c">1846.</subfield></datafield><datafield ind1=" " ind2=" " tag="300"><subfield code="a">4 no. ;</subfield><subfield code="c">61 cm.</subfield></datafield><datafield ind1=" " ind2=" " tag="310"><subfield code="a">Daily (except Sun.)</subfield></datafield><datafield ind1="0" ind2=" " tag="362"><subfield code="a">Vol. 1, no. 298 (Dec. 19, 1846)-v. 1, no. 301 (Dec. 23, 1846).</subfield></datafield><datafield ind1=" " ind2=" " tag="500"><subfield code="a">"Independent."</subfield></datafield><datafield ind1=" " ind2=" " tag="752"><subfield code="a">United States</subfield><subfield code="b">New York</subfield><subfield code="c">New York</subfield><subfield code="d">New York.</subfield></datafield><datafield ind1="0" ind2="0" tag="780"><subfield code="t">Morning telegraph</subfield><subfield code="c">(New York, N.Y. : 1845)</subfield><subfield code="w">(DLC)sn 83030631</subfield></datafield></record>